<?xml version="1.0" encoding="utf-8"?>
<record xmlns="http://www.loc.gov/MARC21/slim" xmlns:xsi="http://www.w3.org/2001/XMLSchema-instance" xsi:schemaLocation="http://www.loc.gov/MARC21/slim http://www.loc.gov/standards/marcxml/schema/MARC21slim.xsd">
	<leader>
		01908nam a2200361   4500
	</leader>
	<controlfield tag="001">
		2760239
	</controlfield>
	<controlfield tag="003">
		NjP
	</controlfield>
	<controlfield tag="006">
		m        d        
	</controlfield>
	<controlfield tag="007">
		cr cn |||m|||a
	</controlfield>
	<controlfield tag="008">
		151111s1889    le      od    000 0 ara d
	</controlfield>
	<datafield ind1=" " ind2=" " tag="040">
		<subfield code="a">
			NNU
		</subfield>
		<subfield code="b">
			eng
		</subfield>
		<subfield code="e">
			rda
		</subfield>
		<subfield code="c">
			NNU
		</subfield>
	</datafield>
	<datafield ind1="1" ind2=" " tag="100">
		<subfield code="6">
			880-01
		</subfield>
		<subfield code="a">
			Shartūnī, Saʻīd al-Khūrī,
		</subfield>
		<subfield code="d">
			1849-1912.
		</subfield>
	</datafield>
	<datafield ind1="1" ind2="0" tag="245">
		<subfield code="a">
			Aqrāb al-mawārid fī fuṣuḥ al-ʻArabīyah wa-al-shawārid /
		</subfield>
		<subfield code="c">
			taʼlīf Saʻīd al-Khūrī al-Shartūnī al-Lubnānī.
		</subfield>
	</datafield>
	<datafield ind1=" " ind2=" " tag="260">
		<subfield code="6">
			880-02
		</subfield>
		<subfield code="a">
			Bayrūt :
		</subfield>
		<subfield code="b">
			Maṭbaʻat Mursalī al-Yasūʻīyah,
		</subfield>
		<subfield code="c">
			1889.
		</subfield>
	</datafield>
	<datafield ind1=" " ind2=" " tag="300">
		<subfield code="a">
			online resource (2 volumes (16, 1504, 7 pages))
		</subfield>
	</datafield>
	<datafield ind1=" " ind2=" " tag="336">
		<subfield code="a">
			text
		</subfield>
		<subfield code="2">
			rdacontent
		</subfield>
	</datafield>
	<datafield ind1=" " ind2=" " tag="337">
		<subfield code="a">
			computer
		</subfield>
		<subfield code="2">
			rdamedia
		</subfield>
	</datafield>
	<datafield ind1=" " ind2=" " tag="338">
		<subfield code="a">
			online resource
		</subfield>
		<subfield code="2">
			rdacarrier
		</subfield>
	</datafield>
	<datafield ind1=" " ind2=" " tag="500">
		<subfield code="a">
			In Arabic.
		</subfield>
	</datafield>
	<datafield ind1=" " ind2=" " tag="500">
		<subfield code="a">
			Part of the Arabic Collections Online (ACO) project, contributed by Princeton University Libraries.
		</subfield>
	</datafield>
	<datafield ind1=" " ind2=" " tag="533">
		<subfield code="a">
			Electronic reproduction.
		</subfield>
		<subfield code="b">
			New York, N.Y. :
		</subfield>
		<subfield code="c">
			New York University,
		</subfield>
		<subfield code="d">
			2015.
		</subfield>
		<subfield code="5">
			NNU
		</subfield>
	</datafield>
	<datafield ind1=" " ind2="0" tag="650">
		<subfield code="a">
			Arabic language
		</subfield>
		<subfield code="v">
			Dictionaries.
		</subfield>
	</datafield>
	<datafield ind1=" " ind2="7" tag="650">
		<subfield code="a">
			Arabic language.
		</subfield>
		<subfield code="2">
			fast
		</subfield>
		<subfield code="0">
			(OCoLC)fst00812287
		</subfield>
	</datafield>
	<datafield ind1=" " ind2="7" tag="655">
		<subfield code="a">
			Dictionaries.
		</subfield>
		<subfield code="2">
			fast
		</subfield>
		<subfield code="0">
			(OCoLC)fst01423826
		</subfield>
	</datafield>
	<datafield ind1="2" ind2=" " tag="710">
		<subfield code="a">
			Princeton University.
		</subfield>
		<subfield code="b">
			Library.
		</subfield>
	</datafield>
	<datafield ind1="0" ind2=" " tag="730">
		<subfield code="a">
			Arabic Collections Online.
		</subfield>
	</datafield>
	<datafield ind1="0" ind2="8" tag="776">
		<subfield code="i">
			Print version:
		</subfield>
		<subfield code="a">
			Shartūnī, Saʻīd al-Khūrī, 1849-1912.
		</subfield>
		<subfield code="t">
			Aqrāb al-mawārid fī fuṣuḥ al-ʻArabīyah wa-al-shawārid
		</subfield>
		<subfield code="w">
			(NjP)2760239
		</subfield>
		<subfield code="w">
			(OCoLC)23266908
		</subfield>
	</datafield>
	<datafield ind1="4" ind2="0" tag="856">
		<subfield code="u">
			http://hdl.handle.net/2333.1/n02v70vj
		</subfield>
	</datafield>
	<datafield ind1="1" ind2=" " tag="880">
		<subfield code="6">
			100-01/r
		</subfield>
		<subfield code="a">
			شرتوني، سعيد الخوري.
		</subfield>
	</datafield>
	<datafield ind1="1" ind2="0" tag="880">
		<subfield code="6">
			245-00/r
		</subfield>
		<subfield code="a">
			أقرب الموارد في فصح العربية والشوارد /
		</subfield>
		<subfield code="c">
			تأليف سعيد الخوري الشرتوني اللبناني.
		</subfield>
	</datafield>
	<datafield ind1=" " ind2=" " tag="880">
		<subfield code="6">
			260-02/r
		</subfield>
		<subfield code="a">
			بيروت :
		</subfield>
		<subfield code="b">
			مطبعة مرسلي اليسوعية،
		</subfield>
		<subfield code="c">
			1889.
		</subfield>
	</datafield>
	<datafield ind1=" " ind2=" " tag="959">
		<subfield code="a">
			NNU
		</subfield>
		<subfield code="b">
			WEB
		</subfield>
		<subfield code="c">
			GENI
		</subfield>
		<subfield code="t">
			0
		</subfield>
		<subfield code="m">
			Electronic access
		</subfield>
		<subfield code="s">
			01
		</subfield>
	</datafield>
	<datafield ind1=" " ind2=" " tag="999">
		<subfield code="i">
			NjP_2760239
		</subfield>
		<subfield code="o">
			(OCoLC)ocm23266908 
		</subfield>
		<subfield code="s">
			princeton_aco000064:vol.1
		</subfield>
		<subfield code="s">
			princeton_aco000065:vol.2
		</subfield>
		<subfield code="e">
			(ERROR-880)
		</subfield>
	</datafield>
</record>
